% Encoding: windows-1252

@WWW{w3resource.com2018,
  author = {w3resource.com},
  title  = {SQL Equi Join},
  year   = {2018},
  date   = {2018-04-14},
  url    = {https://www.w3resource.com/sql/joins/perform-an-equi-join.php},
  note   = {Last Accessed: 2018-05-14},
}

@Article{Mishra1992,
  author     = {Mishra, Priti and Eich, Margaret H.},
  title      = {Join Processing in Relational Databases},
  journal    = {ACM Comput. Surv.},
  year       = {1992},
  volume     = {24},
  number     = {1},
  month      = mar,
  pages      = {63--113},
  issn       = {0360-0300},
  doi        = {10.1145/128762.128764},
  url        = {http://doi.acm.org/10.1145/128762.128764},
  acmid      = {128764},
  address    = {New York, NY, USA},
  issue_date = {March 1992},
  keywords   = {database machines, distributed processing, join, parallel processing, relational algebra},
  numpages   = {51},
  publisher  = {ACM},
}

@Book{Yu1998,
  author    = {Yu, C.T. and Meng, W.},
  title     = {Principles of Database Query Processing for Advanced Applications},
  year      = {1998},
  series    = {The Morgan Kaufmann series in data management systems},
  publisher = {Morgan Kaufmann},
  isbn      = {9781558604346},
  url       = {https://books.google.co.za/books?id=aBHRDhrrehYC},
  lccn      = {97038044},
}

@Online{Pavlo2017,
  author       = {Andy Pavlo},
  title        = {Lecture 19 – Parallel Join Algorithms (Sorting)},
  year         = {2017},
  date         = {Spring 2017},
  url          = {https://15721.courses.cs.cmu.edu/spring2017/slides/19-sortmergejoins.pdf},
  note         = {Online Lecture Slides},
  organization = {Carnegie Mellon University},
}

@WWW{Barney2017,
  author       = {Blaise Barney},
  title        = {OpenMP},
  year         = {2017},
  date         = {2017-07-17},
  url          = {https://computing.llnl.gov/tutorials/openMP/},
  note         = {Last Accessed: 2018-05-15},
  organization = {Lawrence Livermore National Laboratory},
  urldate      = {2018-05-15},
}

@Article{Graefe1991,
  author     = {Graefe, Goetz},
  title      = {Heap-Filter Merge Join: A New Algorithm for Joining Medium-Size Inputs},
  journal    = {IEEE Trans. Softw. Eng.},
  year       = {1991},
  volume     = {17},
  number     = {9},
  month      = sep,
  pages      = {979--982},
  issn       = {0098-5589},
  doi        = {10.1109/32.92919},
  url        = {https://doi.org/10.1109/32.92919},
  acmid      = {126282},
  address    = {Piscataway, NJ, USA},
  issue_date = {September 1991},
  keywords   = {analytic cost functions, database theory, heap filter merge join, hybrid hash join, medium-size inputs, merge join, novel algorithm, relational databases, relational equijoin},
  numpages   = {4},
  publisher  = {IEEE Press},
}

@InProceedings{Graefe1994,
  author    = {G. Graefe},
  title     = {Sort-merge-join: An Idea Whose Time Has(h) Passed?},
  booktitle = {Proceedings of 1994 IEEE 10th International Conference on Data Engineering},
  year      = {1994},
  month     = {Feb},
  pages     = {406-417},
  doi       = {10.1109/ICDE.1994.283062},
  keywords  = {database management systems;file organisation;query processing;sorting;extensible DBMS;hash-based query evaluation;industrial database system;object-oriented database;query processing systems;relational DBMS;sort-merge-join;Algorithm design and analysis;Database systems;Performance analysis;Query processing;Relational databases;Sorting},
}

@Article{Wolf1993,
  author   = {J. L. Wolf and D. M. Dias and P. S. Yu},
  title    = {A Parallel Sort Merge Join Algorithm for Managing Data Skew},
  journal  = {IEEE Transactions on Parallel and Distributed Systems},
  year     = {1993},
  volume   = {4},
  number   = {1},
  month    = {Jan},
  pages    = {70-86},
  issn     = {1045-9219},
  doi      = {10.1109/71.205654},
  keywords = {distributed databases;merging;parallel algorithms;relational algebra;relational databases;sorting;Zipf-like distribution;data skew management;divide-and-conquer;join phases;load balancing;multiple processors;parallel sort merge join algorithm;parallelizable optimization algorithm;scheduling phase;sort phase;transfer phase;Costs;Delay;Load management;Parallel architectures;Parallel processing;Processor scheduling;Proposals;Relational databases;Robustness;Scheduling algorithm},
}

@InProceedings{Wolf1990,
  author    = {Wolf, Joel L. and Dias, Daniel M. and Yu, Philip S.},
  title     = {An Effective Algorithm for Parallelizing Sort Merge Joins in the Presence of Data Skew},
  booktitle = {Proceedings of the Second International Symposium on Databases in Parallel and Distributed Systems},
  year      = {1990},
  series    = {DPDS '90},
  publisher = {ACM},
  location  = {Dublin, Ireland},
  isbn      = {0-8186-2052-8},
  pages     = {103--115},
  doi       = {10.1145/319057.319072},
  url       = {http://doi.acm.org/10.1145/319057.319072},
  acmid     = {319072},
  address   = {New York, NY, USA},
  numpages  = {13},
}

@InProceedings{Kitsuregawa1992,
  author        = {M. Kitsuregawa and S. Tsudaka and M. Nakano},
  title         = {Parallel GRACE hash join on shared-everything multiprocessor: implementation and performance evaluation on symmetry S81},
  booktitle     = {[1992] Eighth International Conference on Data Engineering},
  year          = {1992},
  month         = {Feb},
  pages         = {256-264},
  doi           = {10.1109/ICDE.1992.213185},
  __markedentry = {[Ashraf:]},
  keywords      = {multiprocessing systems;parallel algorithms;performance evaluation;relational databases;GRACE;Symmetry S81;high-performance relational database;multiple-disk environment;multiprocessor;parallel hash join algorithm;parallel processing;performance evaluation;symmetry;Acceleration;Algorithm design and analysis;Analytical models;Computer architecture;Costs;Multiprocessing systems;Parallel processing;Parallel programming;Partitioning algorithms;Relational databases},
}

@InProceedings{Keller1991,
  author        = {A. M. Keller and S. Roy},
  title         = {Adaptive Parallel Hash Join in Main-memory Databases},
  booktitle     = {[1991] Proceedings of the First International Conference on Parallel and Distributed Information Systems},
  year          = {1991},
  month         = {Dec},
  pages         = {58-67},
  doi           = {10.1109/PDIS.1991.183068},
  __markedentry = {[Ashraf:6]},
  keywords      = {database theory;file organisation;parallel algorithms;IBM RP3 multiprocessor;adaptive parallel hash join;data skew;hierarchical shared memory;input tuples;join attribute;main-memory databases;parallel algorithm;parallel hash-join computation;random access;shared-nothing model;threshold function;Algorithm design and analysis;Computer science;Concurrent computing;Databases;Degradation;Frequency;Load management;Monitoring;Processor scheduling;Scheduling algorithm},
}

@Comment{jabref-meta: databaseType:biblatex;}
